@book{Pedrotti2020,
    author    = {Frank L. Pedrotti and Leno S. Pedrotti and Leno M. Pedrotti},
    title     = {Introduction to Optics},
    publisher = {Cambridge University Press},
    year      = {2020},
    edition   = {3rd},
    isbn      = {978-1108428262},
    url       = {https://www.cambridge.org/core/books/introduction-to-optics/},
}

@book{Hecht2017,
    author    = {Eugene Hecht},
    title     = {Optics},
    publisher = {Pearson},
    year      = {2017},
    edition   = {5th},
    isbn      = {978-0133977226},
}

@book{BornWolf1999,
    author    = {Max Born and Emil Wolf},
    title     = {Principles of Optics: Electromagnetic Theory of Propagation, Interference and Diffraction of Light},
    publisher = {Cambridge University Press},
    year      = {1999},
    edition   = {7th},
    isbn      = {978-0521642224},
}
