@book{clapp-2010,
	author = {given=Mónica, family=Clapp},
	date = {2010-08},
	location = {mx},
	title = {Introducción al Análisis Real},
}
@book{tapp-2016,
	author = {given-i=K, given=Kristopher, family=Tapp},
	date = {2016-09-27},
	publisher = {Springer},
	title = {Differential Geometry of Curves and Surfaces},
}
@book{carmo-1974,
	author = {given-i=MPD, given={Manfredo P. Do}, family=Carmo},
	date = {1974},
	publisher = {Birkhäuser},
	title = {Riemannian Geometry},
}
@book{shifrin-2004,
	author = {given-i=T, given=Theodore, family=Shifrin},
	date = {2004-01-26},
	publisher = {John Wiley \& Sons},
	subtitle = {Linear Algebra, Multivariable Calculus, and Manifolds},
	title = {Multivariable mathematics},
}
@book{gelfand-1975,
	author = {given-i=IMG, family=Gelfand and given-i=SVF, family=Fomin},
	date = {1975},
	publisher = {Prentice-Hall, Inc.},
	title = {Calculus of Variations},
}