@book{hecht-1999,
	author = {given-i=E, given=Eugene, family=Hecht},
	date = {1999-01-01},
	edition = {3},
	publisher = {ADDISON WESLEY},
	title = {Óptica},
}

@book{fowles-1989,
	author = {given-i=GR, given={Grant R.}, family=Fowles},
	date = {1989-01-01},
	publisher = {Courier Corporation},
	title = {Introduction to Modern Optics},
}

@book{axler-2023,
	author = {given-i=S, given=Sheldon, family=Axler},
	date = {2023-10-28},
	doi = {10.1007/978-3-031-41026-0},
	edition = {4},
	title = {Linear algebra done right},
    publisher = {Springer},
	url = {https://doi.org/10.1007/978-3-031-41026-0},
}

@online{libretexts-2022,
	author = {given-i=L, given=Libretexts},
	date = {2022-09-16},
	title = {4.3: Creating and Manipulating Polarisation States},
	url = {https://phys.libretexts.org/Bookshelves/Optics/BSc_Optics_(Konijnenberg_Adam_and_Urbach)/04%3A_Polarization/4.03%3A_Creating_and_Manipulating_Polarisation_States},
}

@online{blurry_shadow,
	author = {given-i=A, given=Alexandrina, family=Hemsley},
	date = {2014-07-06},
	title = {Towards The Sun},
	url = {https://uk.pinterest.com/pin/i-quite-like-this-for-the-blurry-shadow-i-dont-think-i-want-the-texture-to-be-quite-as-grainy-though-i-think-essentially-i--296111744223100531/},
	urldate = {2024-12-01},
}

@online{Grimaldi,
	date = {2024},
	title = {Francesco María Grimaldi},
	url = {https://academia-lab.com/enciclopedia/francesco-maria-grimaldi/},
	urldate = {2024-12-01},
}

@article{stuewer-1970,
	author = {given={Roger H.}, family=Stuewer},
	date = {1970},
	journaltitle = {www.jstor.org},
	number = {2},
	title = {A Critical Analysis of Newton’s Work on Diffraction},
	url = {https://www.jstor.org/stable/229974},
	volume = {61},
}

@video{double-slit,
	author = {{AllRealityVideo}},
	date = {2013-06-10},
	subtitle = {Double slit Experiment Light Interference Pattern},
	title = {Physics},
	url = {https://www.youtube.com/watch?v=x2upztBHo7o},
	urldate = {2024-12-01},
}

@online{openstax,
	author = {given-i=O, given=OpenStax},
	title = {27.3 Young’s double slit experiment},
	url = {https://pressbooks.online.ucf.edu/phy2053bc/chapter/youngs-double-slit-experiment/},
}

@article{young-1804,
	author = {given-i=T, given=Thomas, family=Young},
	date = {1804-12-31},
	doi = {10.1098/rstl.1804.0001},
	journaltitle = {Philosophical Transactions of the Royal Society of London},
	pages = {1--16},
	title = {I. The Bakerian Lecture. Experiments and calculations relative to physical optics},
	url = {https://doi.org/10.1098/rstl.1804.0001},
	volume = {94}
}